<record><leader>00000cas a2200000 a 4500</leader><controlfield tag="001">39775607</controlfield><controlfield tag="008">980831d19231953miuwr n       0    0eng c</controlfield><datafield ind1=" " ind2=" " tag="010"><subfield code="a">sn 98066312 </subfield></datafield><datafield ind1=" " ind2=" " tag="040"><subfield code="a">MHN</subfield><subfield code="b">eng</subfield><subfield code="c">MHN</subfield><subfield code="d">OCL</subfield><subfield code="d">OCLCQ</subfield><subfield code="d">OCLCF</subfield><subfield code="d">OCLCO</subfield></datafield><datafield ind1="1" ind2=" " tag="029"><subfield code="a">AU@</subfield><subfield code="b">000014197076</subfield></datafield><datafield ind1=" " ind2=" " tag="042"><subfield code="a">pcc</subfield></datafield><datafield ind1=" " ind2=" " tag="043"><subfield code="a">n-us-mi</subfield></datafield><datafield ind1="0" ind2="4" tag="245"><subfield code="a">The Highland Parker and Highland Park times.</subfield></datafield><datafield ind1="3" ind2=" " tag="246"><subfield code="a">Highland Parker</subfield><subfield code="b">&lt;Aug. 15&gt; 1924-May 28, 1925</subfield></datafield><datafield ind1=" " ind2=" " tag="260"><subfield code="a">Highland Park, Mich. :</subfield><subfield code="b">A.L. Kingsley</subfield></datafield><datafield ind1=" " ind2=" " tag="300"><subfield code="a">v.</subfield></datafield><datafield ind1=" " ind2=" " tag="310"><subfield code="a">Weekly,</subfield><subfield code="b">&lt;Jan. 13, 1927&gt;-</subfield></datafield><datafield ind1=" " ind2=" " tag="321"><subfield code="a">Semiweekly,</subfield><subfield code="b">Apr. 8, 1924-</subfield></datafield><datafield ind1=" " ind2=" " tag="321"><subfield code="a">Weekly,</subfield><subfield code="b">&lt;Mar. 12, 1924&gt;-Apr. 2, 1924</subfield></datafield><datafield ind1="1" ind2=" " tag="362"><subfield code="a">Began Dec. 7, 1923.</subfield></datafield><datafield ind1="0" ind2=" " tag="362"><subfield code="a">-v. 21, no. 46 (Jan. 5, 1939) ; 20th yr., no. 47 (Jan. 12, 1939)-36th yr., no. 11 (May. 14, 1953).</subfield></datafield><datafield ind1=" " ind2=" " tag="500"><subfield code="a">Issues called: Highland Parker, &lt;Aug. 15&gt; 1924-May 28, 1925.</subfield></datafield><datafield ind1=" " ind2=" " tag="500"><subfield code="a">Issue called: Highland Park Ed. of Progress, Mar. 31, 1932.</subfield></datafield><datafield ind1=" " ind2=" " tag="580"><subfield code="a">Formed by the union of: Highland Parker, and: Highland Park times.</subfield></datafield><datafield ind1=" " ind2=" " tag="588"><subfield code="a">Description based on: Vol. 6, no. 2 (Mar. 12, 1924).</subfield></datafield><datafield ind1=" " ind2="0" tag="651"><subfield code="a">Highland Park (Mich.)</subfield><subfield code="v">Newspapers.</subfield></datafield><datafield ind1=" " ind2="0" tag="651"><subfield code="a">Wayne County (Mich.)</subfield><subfield code="v">Newspapers.</subfield></datafield><datafield ind1=" " ind2="7" tag="655"><subfield code="a">Newspapers.</subfield><subfield code="2">fast</subfield><subfield code="0">(OCoLC)fst01423814</subfield></datafield><datafield ind1=" " ind2="7" tag="651"><subfield code="a">Michigan</subfield><subfield code="z">Highland Park.</subfield><subfield code="2">fast</subfield><subfield code="0">(OCoLC)fst01225530</subfield></datafield><datafield ind1=" " ind2="7" tag="651"><subfield code="a">Michigan</subfield><subfield code="z">Wayne County.</subfield><subfield code="2">fast</subfield><subfield code="0">(OCoLC)fst01206628</subfield></datafield><datafield ind1=" " ind2=" " tag="752"><subfield code="a">United States</subfield><subfield code="b">Michigan</subfield><subfield code="c">Wayne</subfield><subfield code="d">Highland Park.</subfield></datafield><datafield ind1="1" ind2="4" tag="780"><subfield code="t">Highland Parker</subfield><subfield code="w">(DLC)sn 97070650</subfield><subfield code="w">(OCoLC)38415903</subfield></datafield><datafield ind1="1" ind2="4" tag="780"><subfield code="t">Highland Park times</subfield><subfield code="w">(DLC)sn 98066481</subfield><subfield code="w">(OCoLC)39488193</subfield></datafield></record>